@Article{Janke2006,
  author    = {Janke, W.},
  journal   = {Wilhelm Else Heraeus Summer School},
  title     = {{M}onte {C}arlo methods in classical statistical physics},
  year      = {2006},
  month     = {9},
  pages     = {79--140},
  volume    = {739},
  address   = {Greifswald, Germany; Berlin},
  date      = {2006-09-29},
  day       = {29},
  editor    = {H. Fehske, R. Schneider and Weiße, A.},
  publisher = {Springer},
  ranking   = {rank5},
  url       = {https://www.physik.uni-leipzig.de/~janke/Paper/lnp739_079_2008.pdf},
}

@Book{Chowdhury,
  author    = {Debashish Chowdhury and Dietrich Stauffer},
  editor    = {Debashish Chowdhury and Dietrich Stauffer},
  publisher = {Wiley-VCH},
  title     = {Principles of equilibrium statistical mechanics},
  year      = {2004},
  address   = {Weinheim [u.a.]},
  edition   = {First ed., [Elektronische Ressource]},
  isbn      = {9783527403004},
  note      = {Includes bibliographical references (p. [508]-536) and index},
  pagetotal = {538},
  ppn_gvk   = {503295205},
  ranking   = {rank5},
}

@Article{Janke2002,
  author  = {Janke, W.},
  journal = {NIC Series},
  title   = {Statistical analysis of simulations: Data correlations and error estimation},
  year    = {2002},
  month   = {3},
  pages   = {423--445},
  volume  = {10},
  address = {Kerkrade, The Netherlands; Jülich},
  date    = {2002-03-01},
  day     = {1},
  editor  = {J. Grotendorst, D. Marx and Muramatsu, A.},
  ranking = {rank5},
  url     = {https://www.physik.uni-leipzig.de/~janke/Paper/nic10_423_2002.pdf},
}

@Article{LibreTexts,
  author  = {Kyle Siegrist},
  journal = {LibreTexts},
  title   = {Point estimation},
  ranking = {rank5},
  url     = {https://stats.libretexts.org/Bookshelves/Probability_Theory/Probability_Mathematical_Statistics_and_Stochastic_Processes_(Siegrist)/07:_Point_Estimation/7.01:_Estimators},
}

 
@Article{Ising1925,
  author    = {Ising, Ernst},
  journal   = {Zeitschrift für Physik},
  title     = {Beitrag zur theorie des ferromagnetismus},
  year      = {1925},
  issn      = {0044-3328},
  month     = feb,
  number    = {1},
  pages     = {253--258},
  volume    = {31},
  doi       = {10.1007/bf02980577},
  publisher = {Springer Science and Business Media LLC},
}

@Article{Onsager1944,
  author    = {Onsager, Lars},
  journal   = {Physical Review},
  title     = {Crystal statistics. I. A two-dimensional model with an order-disorder transition},
  year      = {1944},
  issn      = {0031-899X},
  month     = feb,
  number    = {3–4},
  pages     = {117--149},
  volume    = {65},
  doi       = {10.1103/physrev.65.117},
  publisher = {American Physical Society (APS)},
}

@Book{Tuckerman2023,
  author    = {Tuckerman, Mark E.},
  publisher = {Oxford University Press},
  title     = {Statistical mechanics},
  year      = {2023},
  address   = {Oxford},
  edition   = {Second edition},
  isbn      = {9780198825562},
  series    = {Oxford graduate texts},
  pagetotal = {860},
  ppn_gvk   = {1858709296},
  subtitle  = {Theory and molecular simulation},
}

@Article{Muller1993,
  author    = {Muller, M. and Paul, W.},
  journal   = {Journal of Statistical Physics},
  title     = {Ordering kinetics in quasi-one-dimensional {I}sing-like systems},
  year      = {1993},
  issn      = {1572-9613},
  month     = oct,
  number    = {1–2},
  pages     = {209--233},
  volume    = {73},
  doi       = {10.1007/bf01052758},
  publisher = {Springer Science and Business Media LLC},
}

@Article{Fava2020,
  author    = {Fava, Michele and Coldea, Radu and Parameswaran, S. A.},
  journal   = {Proceedings of the National Academy of Sciences},
  title     = {Glide symmetry breaking and {I}sing criticality in the quasi-{1D} magnet {CoNb2 O6}},
  year      = {2020},
  issn      = {1091-6490},
  month     = sep,
  number    = {41},
  pages     = {25219--25224},
  volume    = {117},
  doi       = {10.1073/pnas.2007986117},
  publisher = {Proceedings of the National Academy of Sciences},
}

@Article{Applequist1968,
  author    = {Applequist, Jon},
  journal   = {Biopolymers},
  title     = {Comments on the one‐dimensional {I}sing model and its application to the cis–trans equilibrium in poly‐{L}-proline},
  year      = {1968},
  issn      = {1097-0282},
  month     = jan,
  number    = {1},
  pages     = {117--121},
  volume    = {6},
  doi       = {10.1002/bip.1968.360060110},
  publisher = {Wiley},
}

@Book{Kardar2013,
  author    = {Kardar, Mehran},
  publisher = {Cambridge University Press},
  title     = {Statistical physics of fields},
  year      = {2013},
  address   = {Cambridge},
  edition   = {Sixth printing},
  isbn      = {9780521873413},
  pagetotal = {359},
  ppn_gvk   = {1609371410},
}

@Book{Yoshioka2007,
  author    = {Yoshioka, Daijiro},
  publisher = {Springer Berlin Heidelberg},
  title     = {Statistical physics},
  year      = {2007},
  address   = {Berlin, Heidelberg},
  isbn      = {9783540286066},
  pagetotal = {1208},
  ppn_gvk   = {1698393504},
  subtitle  = {An Introduction},
}

@Article{Pillai2005,
  author    = {Pillai, S. U. and Suel, T. and Cha, Seunghun},
  journal   = {IEEE Signal Processing Magazine},
  title     = {The {P}erron-{F}robenius theorem: some of its applications},
  year      = {2005},
  issn      = {1053-5888},
  month     = mar,
  number    = {2},
  pages     = {62--75},
  volume    = {22},
  doi       = {10.1109/msp.2005.1406483},
  publisher = {Institute of Electrical and Electronics Engineers (IEEE)},
}

@Book{stanley1971phase,
  author    = {Stanley, H. Eugene},
  publisher = {Clarendon Press, Oxford},
  title     = {Phase transitions and critical phenomena},
  year      = {1971},
  volume    = {7},
}

@Book{Binney2002,
  author    = {Binney, James},
  publisher = {Claredon Press},
  title     = {The theory of critical phenomena},
  year      = {2002},
  address   = {Oxford},
  isbn      = {9780191660566},
  pagetotal = {1464},
  ppn_gvk   = {1657007103},
  subtitle  = {An Introduction to the renormalization group},
}

@Book{Feuerbacher1986,
  author    = {Feuerbacher, Berndt},
  editor    = {Hans Hamacher and Robert J. Naumann},
  publisher = {Springer Berlin Heidelberg},
  title     = {Materials sciences in space},
  year      = {1986},
  address   = {Berlin, Heidelberg},
  isbn      = {9783642827617},
  ppn_gvk   = {775414387},
  subtitle  = {A Contribution to the Scientific Basis of Space Processing},
}

@Article{Behn1988,
  author    = {Behn, U. and Zagrebnov, V. A.},
  journal   = {Journal of Physics A: Mathematical and General},
  title     = {One-dimensional {M}arkovian-field {I}sing model: physical properties and characteristics of the discrete stochastic mapping},
  year      = {1988},
  issn      = {1361-6447},
  month     = may,
  number    = {9},
  pages     = {2151--2165},
  volume    = {21},
  doi       = {10.1088/0305-4470/21/9/028},
  publisher = {IOP Publishing},
}

@Article{Metropolis1953,
  author    = {Metropolis, Nicholas and Rosenbluth, Arianna W. and Rosenbluth, Marshall N. and Teller, Augusta H. and Teller, Edward},
  journal   = {The Journal of Chemical Physics},
  title     = {Equation of state calculations by fast computing machines},
  year      = {1953},
  issn      = {1089-7690},
  month     = jun,
  number    = {6},
  pages     = {1087--1092},
  volume    = {21},
  doi       = {10.1063/1.1699114},
  publisher = {AIP Publishing},
}

@Book{Landau2021,
  author    = {Landau, David P.},
  editor    = {Kurt Binder},
  publisher = {Cambridge University Press},
  title     = {A guide to {M}onte {C}arlo simulations in statistical physics},
  year      = {2021},
  address   = {Cambridge},
  edition   = {Fifth edition},
  isbn      = {9781108780346},
  pagetotal = {1564},
  ppn_gvk   = {1782110569},
}

@Article{Andersen2019,
  author    = {Andersen, Mie and Panosetti, Chiara and Reuter, Karsten},
  journal   = {Frontiers in Chemistry},
  title     = {A practical guide to surface kinetic {M}onte {C}arlo simulations},
  year      = {2019},
  issn      = {2296-2646},
  month     = apr,
  volume    = {7},
  doi       = {10.3389/fchem.2019.00202},
  publisher = {Frontiers Media SA},
}

@Book{Glasserman2008,
  author    = {Glasserman, Paul},
  publisher = {Springer},
  title     = {{M}onte {C}arlo methods in financial engineering},
  year      = {2008},
  address   = {New York, NY [u.a.]},
  edition   = {[Nachdr.]},
  isbn      = {9780387004518},
  number    = {53},
  series    = {Applications of mathematics},
  pagetotal = {596},
  ppn_gvk   = {575129352},
}

@Book{Cinlar1975,
  author    = {Çinlar, Erhan},
  publisher = {Prentice-Hall},
  title     = {Introduction to stochastic processes},
  year      = {1975},
  address   = {Englewood Cliffs, NJ},
  edition   = {11. Druck},
  isbn      = {0134980891},
  note      = {Literaturverz. S. 383 - 385},
  pagetotal = {402},
  ppn_gvk   = {23806641X},
}

@Article{Schneider1974,
  author    = {Schneider, T. and Stoll, E.},
  journal   = {Physical Review B},
  title     = {Critical slowing down in the two-dimensional one-spin-flip {I}sing model},
  year      = {1974},
  issn      = {0556-2805},
  month     = aug,
  number    = {3},
  pages     = {959--970},
  volume    = {10},
  doi       = {10.1103/physrevb.10.959},
  publisher = {American Physical Society (APS)},
}

@Article{Glauber1963,
  author    = {Glauber, Roy J.},
  journal   = {Journal of Mathematical Physics},
  title     = {Time-dependent statistics of the {I}sing model},
  year      = {1963},
  issn      = {1089-7658},
  month     = feb,
  number    = {2},
  pages     = {294--307},
  volume    = {4},
  doi       = {10.1063/1.1703954},
  publisher = {AIP Publishing},
}

@Article{Heuer1992,
  author    = {Heuer, Hans-O.},
  journal   = {Journal of Physics A: Mathematical and General},
  title     = {Critical slowing down in local dynamics simulations},
  year      = {1992},
  issn      = {1361-6447},
  month     = may,
  number    = {9},
  pages     = {L567--L573},
  volume    = {25},
  doi       = {10.1088/0305-4470/25/9/011},
  publisher = {IOP Publishing},
}

@Article{Wolff1989,
  author    = {Wolff, Ulli},
  journal   = {Physical Review Letters},
  title     = {Collective {M}onte {C}arlo updating for spin systems},
  year      = {1989},
  issn      = {0031-9007},
  month     = jan,
  number    = {4},
  pages     = {361--364},
  volume    = {62},
  doi       = {10.1103/physrevlett.62.361},
  publisher = {American Physical Society (APS)},
}

@Book{Python3,
  author    = {Van Rossum, Guido and Drake, Fred L.},
  publisher = {CreateSpace},
  title     = {Python 3 reference manual},
  year      = {2009},
  address   = {Scotts Valley, CA},
  isbn      = {1441412697},
}

@Article{2020NumPy-Array,
  author  = {Harris, Charles R. and Millman, K. Jarrod and van der Walt, Stéfan J. and Gommers, Ralf and Virtanen, Pauli and Cournapeau, David and Wieser, Eric and Taylor, Julian and Berg, Sebastian and Smith, Nathaniel J. and Kern, Robert and Picus, Matti and Hoyer, Stephan and van Kerkwijk, Marten H. and Brett, Matthew and Haldane, Allan and Fernández del Río, Jaime and Wiebe, Mark and Peterson, Pearu and Gérard-Marchant, Pierre and Sheppard, Kevin and Reddy, Tyler and Weckesser, Warren and Abbasi, Hameer and Gohlke, Christoph and Oliphant, Travis E.},
  journal = {Nature},
  title   = {Array programming with {NumPy}},
  year    = {2020},
  pages   = {357–362},
  volume  = {585},
  doi     = {10.1038/s41586-020-2649-2},
}

@Article{Chertenkov2023,
  author    = {Chertenkov, Vladislav and Burovski, Evgeni and Shchur, Lev},
  journal   = {Physical Review E},
  title     = {Finite-size analysis in neural network classification of critical phenomena},
  year      = {2023},
  issn      = {2470-0053},
  month     = sep,
  number    = {3},
  pages     = {l032102},
  volume    = {108},
  doi       = {10.1103/physreve.108.l032102},
  publisher = {American Physical Society (APS)},
}

@Comment{jabref-meta: databaseType:bibtex;}
